<?xml version="1.0" encoding="UTF-8"?><record xmlns="http://www.loc.gov/MARC21/slim" xmlns:cinclude="http://apache.org/cocoon/include/1.0" xmlns:zs="http://www.loc.gov/zing/srw/">
  <leader>00445cz  a2200133n  4500</leader>
  <controlfield tag="001">n 2012188453</controlfield>
  <controlfield tag="003">DLC</controlfield>
  <controlfield tag="005">20130306140937.0</controlfield>
  <controlfield tag="008">120927n| acannaabn          |n aaa      </controlfield>
  <datafield tag="010" ind1=" " ind2=" ">
    <subfield code="a">n 2012188453</subfield>
  </datafield>
  <datafield tag="035" ind1=" " ind2=" ">
    <subfield code="a">(OCoLC)oca09313153</subfield>
  </datafield>
  <datafield tag="040" ind1=" " ind2=" ">
    <subfield code="a">DNLM</subfield>
    <subfield code="b">eng</subfield>
    <subfield code="c">DNLM</subfield>
    <subfield code="d">DNLM</subfield>
  </datafield>
  <datafield tag="100" ind1="1" ind2=" ">
    <subfield code="a">Senie, Ruby T.</subfield>
  </datafield>
  <datafield tag="670" ind1=" " ind2=" ">
    <subfield code="a">Epidemiology of women's health, c2014:</subfield>
    <subfield code="b">ECIP t.p. (Ruby Senie) galley (Ruby T. Senie, PhD) correction per publisher change request (Ruby T. Senie)</subfield>
  </datafield>
</record>